
@online{cnrtl_definition_2020,
	title = {Définition de {VOCABULAIRE}},
	url = {https://www.cnrtl.fr/definition/vocabulaire},
	shorttitle = {Vocabulaire},
	titleaddon = {{CNRTL}},
	author = {{CNRTL}},
	urldate = {2020-07-26},
	date = {2020-07-26},
	langid = {french},
	file = {VOCABULAIRE \: Définition de VOCABULAIRE:/home/maxime/Zotero/storage/39W2T7MT/vocabulaire.html:text/html}
}

@mvbook{schoepflin_alsatia_1751,
	location = {Colmariae [Colmar]},
	edition = {Ex typographia regia},
	title = {Alsatia illustrata Celtica Romana Francica, auctor Jo. Daniel Schoepflinus, Consil. \& Historiographus Regius, Histor. \& Eloq. professor Argent. regiae inscriptionum ut \& Anglic. Petropolit. Ac Corton Academiarum socius.},
	volume = {2},
	rights = {Institut National d'Histoire de l'Art, domaine public},
	url = {http://bibliotheque-numerique.inha.fr/idurl/1/12532},
	series = {Collaction Jacques Doucet},
	shorttitle = {Alsatia illustrata},
	volumes = {2},
	pagetotal = {[8]-748-[45-1 bl.] p., [37] f. de pl.},
	author = {Schoepflin, Johann Daniel},
	urldate = {2020-07-26},
	date = {1751},
	note = {Sumptibus Jo. Friderici Schoepflini},
	keywords = {Corpus : Imprimés {\textgreater} Classiques de l'histoire de l'art {\textgreater} Archéologie, Date de numérisation : 2005, Description matérielle : 1 vol. (748 p.) : ill. ; 44 cm, Identifiant numérique : {NUM} {FOL} C 439 (2), Langue du document : Latin, Lieu de publication : Colmariae [Colmar], Nombre de vues : 848, Période : 18e siècle, Sujet : Alsace (France), Type de document : Texte imprimé}
}

@article{berger_indexation_2006,
	title = {Indexation, memory, power and representations at the beginning of the 12th century: The rediscovery of pages from the tables to the "Liber de honoribus", the first cartulary of the collegiate Church of St. Julian of auvergne (Brioude)},
	volume = {25},
	url = {http://halshs.archives-ouvertes.fr/halshs-00975166},
	shorttitle = {Indexation, memory, power and representations at the beginning of the 12th century},
	abstract = {Publication du plus vieille index alphabétique "de fin de livre" connu, compilé au commencement du {XIIe} siècle pour servir au Grand cartulaire de Saint-Julien de Brioude, en Auvergne, afin de hiérarchiser et organiser les entrées géographiques des bien-fonds principaux mentionnés dans ses chartes.},
	pages = {95--99},
	number = {2},
	journaltitle = {The Indexer},
	author = {Berger, Jean},
	urldate = {2020-07-27},
	date = {2006-10},
	langid = {english},
	note = {{OCLC}: 882418933},
	file = {Texte intégral:/home/maxime/Zotero/storage/BEDMPG83/Berger - 2006 - Indexation, memory, power and representations at t.pdf:application/pdf}
}

@mvbook{estienne_thesaurus_1573,
	location = {Lugduni},
	title = {Thesaurus linguae latinae, seu Promptuarium dictionum et loquendi formularum omnium ad latini sermonis perfectam notitiam assequendam pertinentium, ex optimis auctoribus concinnatum},
	volume = {2},
	url = {http://gallica.bnf.fr/ark:/12148/bpt6k8720517v},
	shorttitle = {Thesaurus linguae latinae},
	volumes = {2},
	publisher = {apud P. Thinghyum},
	author = {Estienne, Robert},
	urldate = {2020-07-27},
	date = {1573},
	note = {Country: {FR}}
}

@unpublished{bibliotheque_nationale_de_france_rameau_2020,
	title = {{RAMEAU}: Inititation},
	url = {https://rameau.bnf.fr/sites/default/files/2020-02/rameauinit.pdf},
	author = {Bibliothèque nationale de France},
	urldate = {2020-08-01},
	date = {2020-02-18},
	langid = {french},
	file = {Texte intégral:/home/maxime/Zotero/storage/5VQFP7YI/BnF - 2020 - RAMEAU Inititation.pdf:application/pdf}
}

@book{rosenfeld_information_2015,
	location = {Beijing},
	title = {Information architecture for the World Wide Web},
	isbn = {978-1-4919-1168-6},
	publisher = {O'Reilly},
	author = {Rosenfeld, Louis and Morville, Peter and Arango, Jorge},
	urldate = {2020-08-02},
	date = {2015},
	langid = {english},
	note = {{OCLC}: 922954742},
	file = {Rosenfeld et al. - 2015 - Information architecture for the World Wide Web.pdf:/home/maxime/Zotero/storage/FVFCVTP5/Rosenfeld et al. - 2015 - Information architecture for the World Wide Web.pdf:application/pdf}
}

@book{naude_advis_1627,
	location = {Paris},
	edition = {Chez François Targa, au premier pillier de la grand'salle du Palais, devant les Consultations},
	title = {Advis pour dresser une bibliotheque. Tome 1 / . Presenté à monseigneur le president de Mesme. Par G. Naudé P....},
	volume = {1},
	rights = {domaine public},
	url = {https://gallica.bnf.fr/ark:/12148/bpt6k1041429f},
	shorttitle = {Advis pour dresser une bibliotheque},
	pagetotal = {167},
	author = {Naudé, Gabriel},
	urldate = {2020-09-01},
	date = {1627},
	langid = {french},
	file = {Snapshot:/home/maxime/Zotero/storage/BNPF67UB/f47.html:text/html}
}

@book{noauthor_loi_1974,
	title = {Loi n°74-696 du 7 août 1974 {RELATIVE} A {LA} {RADIODIFFUSION} {ET} {TELEVISION}},
	url = {https://www.legifrance.gouv.fr/jo_pdf.do?id=JORFTEXT000000333539&pageCourante=08355},
	urldate = {2020-09-01},
	date = {1974-08-07},
	langid = {french}
}

@book{valery_variete_1936,
	location = {Paris},
	edition = {9e éd},
	title = {Variété {III}},
	url = {https://catalogue.bnf.fr/ark:/12148/cb41687051w},
	pagetotal = {310},
	publisher = {Gallimard},
	author = {Valéry, Paul},
	date = {1936},
	langid = {french}
}

@online{bibliotheque_nationale_de_france_rameau_nodate,
	title = {{RAMEAU}},
	url = {https://rameau.bnf.fr/},
	titleaddon = {{RAMEAU}},
	author = {Bibliothèque nationale de France},
	urldate = {2020-09-01},
	langid = {french},
	file = {Accueil | rameau:/home/maxime/Zotero/storage/MAGHJ7KB/rameau.bnf.fr.html:text/html}
}

@online{the_library_of_congress_library_nodate,
	title = {Library of Congress Subject Headings},
	rights = {Text is U.S. Government Work},
	url = {https://id.loc.gov/authorities/subjects.html},
	shorttitle = {{LC} Linked Data Service},
	abstract = {The Linked Data Service provides access to commonly found standards and vocabularies promulgated by the Library of Congress. This includes data values and the controlled vocabularies that house them. Datasets available include {LCSH}, {BIBFRAME}, {LC} Name Authorities, {LC} Classification, {MARC} codes, {PREMIS} vocabularies, {ISO} language codes, and more., The Linked Data Service provides access to commonly found standards and vocabularies promulgated by the Library of Congress. Library of Congress Subject Headings ({LCSH}) has been actively maintained since 1898 to catalog materials held at the Library of Congress. By virtue of cooperative cataloging other libraries around the United States also use {LCSH} to provide subject access to their collections. In addition {LCSH} is used internationally, often in translation. {LCSH} in this service includes all Library of Congress Subject Headings, free-floating subdivisions (topical and form), Genre/Form headings, Children's ({AC}) headings, and validation strings* for which authority records have been created. This content is expanded beyond the print issue of {LCSH} (the 'red books') with inclusion of validation strings.},
	type = {webpage},
	author = {The Library of Congress},
	urldate = {2020-09-02},
	file = {Snapshot:/home/maxime/Zotero/storage/MZPAXBA4/subjects.html:text/html}
}